@online{niu-harper:2020,
  author = {Niu, Yue and Harper, Robert},
  date = {2020},
  eprint = {2011.03660},
  eprintclass = {cs.PL},
  eprinttype = {arXiv},
  title = {Cost-Aware Type Theory},
}

@article{niu-harper:2022,
  author = {Niu, Yue and Harper, Robert},
  publisher = {arXiv},
  date = {2022},
  doi = {10.48550/ARXIV.2209.12669},
  title = {A metalanguage for cost-aware denotational semantics},
}

@article{niu-sterling-grodin-harper:2022,
  author = {Niu, Yue and Sterling, Jonathan and Grodin, Harrison and Harper, Robert},
  location = {New York, NY, USA},
  publisher = acm,
  date = {2022-01},
  doi = {10.1145/3498670},
  eprint = {2107.04663},
  eprintclass = {cs.PL},
  eprinttype = {arXiv},
  journaltitle = pacmpl,
  number = {POPL},
  title = {A Cost-Aware Logical Framework},
  volume = {6},
}

@misc{grodin2023decalf,
      title={Decalf: A Directed, Effectful Cost-Aware Logical Framework}, 
      author={Harrison Grodin and Robert Harper and Yue Niu and Jonathan Sterling},
      year={2023},
      eprint={2307.05938},
      archivePrefix={arXiv},
      primaryClass={cs.PL}
}
@inproceedings{niu-hoffmann:2018,
  author = {Niu, Yue and Hoffmann, Jan}, 
  title     = {Automatic Space Bound Analysis for Functional Programs with Garbage Collection},
  booktitle = {LPAR-22. 22nd International Conference on Logic for Programming, Artificial Intelligence and Reasoning},
  editor    = {Gilles Barthe and Geoff Sutcliffe and Margus Veanes},
  series    = {EPiC Series in Computing},
  volume    = {57},
  pages     = {543--563},
  year      = {2018},
  publisher = {EasyChair},
  bibsource = {EasyChair, https://easychair.org},
  issn      = {2398-7340},
  url       = {https://easychair.org/publications/paper/dcnD},
  doi       = {10.29007/xkwx}, 
  }