@online{niu-harper:2020,
  author = {Niu, Yue and Harper, Robert},
  date = {2020},
  eprint = {2011.03660},
  eprintclass = {cs.PL},
  eprinttype = {arXiv},
  title = {Cost-Aware Type Theory},
}