@inproceedings{LPAR-22:Automatic_Space_Bound_Analysis,
  author    = {Yue Niu and Jan Hoffmann},
  title     = {Automatic Space Bound Analysis for Functional Programs with Garbage Collection},
  booktitle = {LPAR-22. 22nd International Conference on Logic for Programming, Artificial Intelligence and Reasoning},
  editor    = {Gilles Barthe and Geoff Sutcliffe and Margus Veanes},
  series    = {EPiC Series in Computing},
  volume    = {57},
  pages     = {543--563},
  year      = {2018},
  publisher = {EasyChair},
  bibsource = {EasyChair, https://easychair.org},
  issn      = {2398-7340},
  url       = {https://easychair.org/publications/paper/dcnD},
  doi       = {10.29007/xkwx}}
